@book{Bishop:2006,
	author = "Christopher M. Bishop",
	title = "{Pattern Recognition and Machine Learning}",
	publisher = "Springer Verlag",
	year = "2006",
	address = "New York"
}
@book{DudaHartStork:2001,
	author = {Richard O. Duda and Peter E. Hart and David G. Stork},
	title = {Pattern Classification},
	year = {2001},
	publisher = {Wiley-Interscience Publication},
	address = "New York"
}
@book{Bishop:1995,
	author = "Christopher M. Bishop",
	title = "{Neural Networks for Pattern Recognition}",
	publisher = "Clarendon Press",
	address = "Oxford",
	year = "1995"
}
@techreport{Bishop:1996,
	author = "Christopher M. Bishop",
	title = "{Neural Networks: A Pattern Recognition Perspective}",
	institution = "Aston University, Birmingham, UK",
	year = "1996"
}
@inproceedings{Ney:2003,
	author= {Ney, Hermann},	
	title= {On the Relationship between Classification Error Bounds and Training Criteria in Statistical Pattern Recognition},	
	booktitle= {Iberian Conference on Pattern Recognition and Image Analysis},	
	year= "2003",	
	pages= {636-645},	
	address= {Puerto de Andratx, Spain},	
}
@article{RumelhartHintonWilliams:1986,
	author = "David E. Rumelhart and Geoffrey E. Hinton and Ronald J. Williams",
	title = "Learning Representations by Back-Propagating Errors",
	year = "1986",
	institution = "{University of California, San Diego and Carnegie-Mellon University, Pittsburgh}",
	journal = "Nature",
	volume = "323",
}
@article{HornikStinchcombeWhite:1989,
	author = "Kurt Hornik and Maxwell Stinchcombe and Halbert White",
	title ="Multilayer Feedforward Networks are Universal Approximators",
	year = "1989",
	institution = "Vienna University of Technology, Vienna and University of California, San Diego",
	journal = "Neural Networks",
	volume = "2",
}
@article{HornikStinchcombeWhite:1990,
	author = "Kurt Hornik and Maxwell Stinchcombe and Halbert White",
	title ="Universal Approximation of an Unknown Mapping and Its Derivatives Using Multilayer Feedforward Networks",
	year = "1990",
	institution = "University of California, San Diego",
	journal = "Neural Networks",
	volume = "3"
}
@book{Haykin:2005,
	title = "Neural Networks A Comprehensive Foundation",
	author = "Simon Haykin",
	publisher = "Pearson Education",
	year = "2005",
	address = "New Delhi"
}
@article{Ney:1995,
	title = "On the Probabilistic Interpretation of Neural Network Classifiers and Discriminative Training Criteria",
	author = "Hermann Ney",
	journal = "IEEE Transactions on Pattern Alaysis and Machine Intelligence",
	year = "1995",
	volume = "17",
}
@techreport{LeCunBecker:1988,
	author = "Sue Becker and Yann LeCun",
	title = "Improving the Convergence of Back-Propagation Learning with Second Order Methods",
	year = "1988",
	institution = "{University of Toronto, Toronto}"
}
@paper{LeCunDenkerSolla:1990,
	author = "Yann LeCun and John S. Denker and Sara A. Solla",
	title = "Optimal Brain Damage",
	year = "1990",
	institution = "{At&T Bell Laboratories, Holmdel}"
}
@article{Bishop:1992,
	author = "Christopher M. Bishop",
	title = "Exact Calculation of the Hessian Matrix for the Multi-layer Perceptron",
	journal = "Neural Computation",
	volume = "4",
	year = "1992"
}
@book{GillMurrayWright:1997,
  	author = {Philip E. Gill and Walter Murray and Margaret H. Wright},
  	publisher = {Academic Press},
	title = {Practical optimization},
	year = "1981",
	address = "London",
}
@inproceeding{LeCunBottouBengioHaffner:1998,
	author = "Yann LeCun and L\'{e}on Buttou and Yoshua Bengio and Patrick Haffner",
	title = "Gradient-Based Learning Applied to Document Recognition",
	year = "1998",
	institution = "{At&T Bell Laboratories, New Jersey}",
	journal = "Proceedings of the IEEE",
	volume = "86"
}
@inproceedings{LeCun:1988,
	author = "Yann LeCun",
	title = "A Theoretical Framework for Back-Propagation",
	year = "1988",
	institution = "{University of Toronto, Toronto}",
	journal = "proceedings of the 1988 Connectionist Models Summer School"
}
@phdthesis{LeCun:1987,
	author = "Yann LeCun",
	title = "Modeles connexionistes de l'apprentissage",
	year = "1987",
	institution = "{Universit\'{e} P. et M. Curie, Paris}"
}
@techreport{LeCun:1989,
	author = "Yann LeCun",
	title = "Generalization and Network Design Strategies",
	year = "1989",
	institution = "{University of Toronto, Toronto}"
}
@article{Rosenblatt:1958,
	author = "Frank Rosenblatt",
	title = "The Perceptron: A Probabilistic Model for Information Storage and Organization in the Brain",
	year = "1958",
	institution = "Cornell Aeronautical Laboratory",
	journal = "Psychological Review",
	volume = "65"
}
@inproceedings{Hinton:1986,
	author = "Geoffrey E. Hinton",
	title = "Learning Distributed Representations of Concepts",
	year = "1986",
	institution = "{Carnegie-Mellon University, Pittsburgh}",
	journal = "Proceedings of the Eigth Annual Conference on Cognitive Science Society",
}